[gd_scene load_steps=16 format=2]

[ext_resource path="res://plugins/minigames/haunted_dreams/minigame.gd" type="Script" id=1]
[ext_resource path="res://plugins/minigames/haunted_dreams/room.tscn" type="PackedScene" id=2]
[ext_resource path="res://assets/models/bed/bed.escn" type="PackedScene" id=3]
[ext_resource path="res://plugins/minigames/haunted_dreams/player.tscn" type="PackedScene" id=4]
[ext_resource path="res://assets/fonts/title_font.tres" type="DynamicFont" id=5]
[ext_resource path="res://scenes/countdown/countdown.tscn" type="PackedScene" id=6]
[ext_resource path="res://assets/music/minigames/haunted dreams.ogg" type="AudioStream" id=7]

[sub_resource type="PlaneMesh" id=1]
size = Vector2( 2, 9 )

[sub_resource type="SpatialMaterial" id=2]
flags_unshaded = true
albedo_color = Color( 0.0309486, 0.0338108, 0.0595703, 1 )

[sub_resource type="Animation" id=3]
length = 10.0
loop = true
tracks/0/type = "value"
tracks/0/path = NodePath(".:light_color")
tracks/0/interp = 1
tracks/0/loop_wrap = true
tracks/0/imported = false
tracks/0/enabled = true
tracks/0/keys = {
"times": PoolRealArray( 0, 3, 3.1, 3.2, 3.4, 3.5, 3.7, 6, 10 ),
"transitions": PoolRealArray( 1, 1, 1, 1, 1, 1, 1, 1, 1 ),
"update": 0,
"values": [ Color( 0.113725, 0.32549, 0.545098, 1 ), Color( 0.172549, 0.388235, 0.619608, 1 ), Color( 0.603922, 0.756863, 0.921569, 1 ), Color( 0.172549, 0.388235, 0.619608, 1 ), Color( 0.682353, 0.835294, 1, 1 ), Color( 0.129412, 0.2, 0.513726, 1 ), Color( 0.172549, 0.388235, 0.619608, 1 ), Color( 0.0901961, 0.282353, 0.490196, 1 ), Color( 0.113725, 0.32549, 0.545098, 1 ) ]
}

[sub_resource type="BoxShape" id=4]
extents = Vector3( 5, 2.5, 0.1 )

[sub_resource type="NavigationMesh" id=5]
vertices = PoolVector3Array( -5, -1, 5, -1.5, -1, 1, -1.5, -1, -1, 5, -1, 5, 5, -1, -5, 1.5, -1, -1, 1.5, -1, 5, -1.5, -1, 5, -1.5, -1, -5, -5, -1, -5, 1.5, -1, -5, 1.5, -1, 1 )
polygons = [ PoolIntArray( 0, 2, 1 ), PoolIntArray( 3, 5, 4 ), PoolIntArray( 6, 7, 1 ), PoolIntArray( 5, 2, 8 ), PoolIntArray( 8, 2, 9 ), PoolIntArray( 9, 2, 0 ), PoolIntArray( 0, 1, 7 ), PoolIntArray( 10, 4, 5 ), PoolIntArray( 5, 3, 11 ), PoolIntArray( 11, 3, 6 ), PoolIntArray( 6, 1, 11 ), PoolIntArray( 5, 8, 10 ) ]

[sub_resource type="BoxShape" id=6]
extents = Vector3( 0.25, 0.25, 0.5 )

[sub_resource type="BoxShape" id=7]
extents = Vector3( 0.75, 0.6, 1.2 )

[sub_resource type="Environment" id=8]
background_mode = 1
background_color = Color( 0, 0.00392157, 0.0392157, 1 )
background_energy = 0.0
ambient_light_color = Color( 0.745098, 0.745098, 0.745098, 1 )
ambient_light_energy = 0.01
ambient_light_sky_contribution = 0.0

[node name="Spatial" type="Navigation"]
script = ExtResource( 1 )

[node name="Ground" parent="." instance=ExtResource( 2 )]

[node name="MeshInstance" type="MeshInstance" parent="."]
transform = Transform( -1.62921e-07, -1, 0, 1, -1.62921e-07, 0, 0, 0, 1, 5.1, 2, 0 )
cast_shadow = 0
mesh = SubResource( 1 )
material/0 = SubResource( 2 )

[node name="OmniLight" type="OmniLight" parent="."]
transform = Transform( 1, 0, 0, 0, 1, 0, 0, 0, 1, 9.40472, 2.07085, 0.78375 )
light_color = Color( 0.113725, 0.32549, 0.545098, 1 )
light_bake_mode = 0
shadow_enabled = true
shadow_contact = 0.5
shadow_reverse_cull_face = true
omni_range = 50.0

[node name="AnimationPlayer" type="AnimationPlayer" parent="OmniLight"]
autoplay = "lightning"
anims/lightning = SubResource( 3 )

[node name="Wall" type="StaticBody" parent="."]

[node name="CollisionShape" type="CollisionShape" parent="Wall"]
transform = Transform( 1, 0, 0, 0, 1, 0, 0, 0, 1, 0, 2.5, 5.5 )
shape = SubResource( 4 )

[node name="NavigationMeshInstance" type="NavigationMeshInstance" parent="."]
transform = Transform( -4.37114e-08, 0, 1, 0, 1, 0, -1, 0, -4.37114e-08, 0, 1, 0 )
navmesh = SubResource( 5 )

[node name="Target" type="Area" parent="." groups=[
"target",
]]

[node name="CollisionShape" type="CollisionShape" parent="Target"]
transform = Transform( 1, 0, 0, 0, 1, 0, 0, 0, 1, 0, 0.5, 0 )
shape = SubResource( 6 )

[node name="Bed" type="StaticBody" parent="."]

[node name="Scene Root" parent="Bed" instance=ExtResource( 3 )]

[node name="CollisionShape" type="CollisionShape" parent="Bed"]
transform = Transform( 1, 0, 0, 0, 1, 0, 0, 0, 1, 0, 0.6, 0 )
shape = SubResource( 7 )

[node name="Camera" type="Camera" parent="."]
transform = Transform( 1, 0, 0, 0, 0.642788, 0.766045, 0, -0.766045, 0.642788, 0, 6, 6 )
current = true

[node name="WorldEnvironment" type="WorldEnvironment" parent="."]
environment = SubResource( 8 )

[node name="Player1" parent="." instance=ExtResource( 4 )]
transform = Transform( 1, 0, 0, 0, 1, 0, 0, 0, 1, -2.54, 0.1, 0 )

[node name="Player2" parent="." instance=ExtResource( 4 )]
transform = Transform( 1, 0, 0, 0, 1, 0, 0, 0, 1, 0, 0.1, 3.632 )

[node name="Player3" parent="." instance=ExtResource( 4 )]
transform = Transform( 1, 0, 0, 0, 1, 0, 0, 0, 1, 2.497, 0.1, 0 )

[node name="Player4" parent="." instance=ExtResource( 4 )]
transform = Transform( 1, 0, 0, 0, 1, 0, 0, 0, 1, 0, 0.1, -2.724 )

[node name="SpawnTimer" type="Timer" parent="."]
wait_time = 0.5
autostart = true

[node name="Control" type="Control" parent="."]
anchor_right = 1.0
anchor_bottom = 1.0

[node name="Message" type="Label" parent="Control"]
visible = false
anchor_left = 0.5
anchor_right = 0.5
margin_left = -108.5
margin_top = 75.0
margin_right = 108.5
margin_bottom = 29.0
custom_fonts/font = ExtResource( 5 )
text = "CONTEXT_LABEL_FINISH"
align = 1

[node name="Timer" type="Label" parent="Control"]
anchor_left = 0.5
anchor_right = 0.5
margin_left = -20.0
margin_top = 20.0
margin_right = 20.0
margin_bottom = 14.0
grow_horizontal = 2
custom_fonts/font = ExtResource( 5 )
align = 1

[node name="Duration" type="Timer" parent="Control"]
wait_time = 30.0
one_shot = true
autostart = true

[node name="Countdown" parent="Control" instance=ExtResource( 6 )]

[node name="AudioStreamPlayer" type="AudioStreamPlayer" parent="."]
pause_mode = 2
stream = ExtResource( 7 )
autoplay = true
bus = "Music"
[connection signal="timeout" from="SpawnTimer" to="." method="_on_Timer_timeout"]
