[gd_scene load_steps=16 format=2]

[ext_resource path="res://assets/defaults/default_theme.tres" type="Theme" id=1]
[ext_resource path="res://scenes/menus/options_menu.gd" type="Script" id=2]
[ext_resource path="res://assets/fonts/button_font.tres" type="DynamicFont" id=3]
[ext_resource path="res://scenes/menus/options_menu_tab_container.gd" type="Script" id=4]
[ext_resource path="res://scenes/sound_button/option_button.tscn" type="PackedScene" id=5]
[ext_resource path="res://assets/fonts/button_font_small.tres" type="DynamicFont" id=6]
[ext_resource path="res://scenes/sound_button/check_button.tscn" type="PackedScene" id=7]
[ext_resource path="res://scenes/sound_button/sound_button.gd" type="Script" id=8]
[ext_resource path="res://scenes/sound_button/check_box.tscn" type="PackedScene" id=9]
[ext_resource path="res://scenes/sound_button/hslider.tscn" type="PackedScene" id=10]
[ext_resource path="res://scenes/sound_button/sound_button.tscn" type="PackedScene" id=11]
[ext_resource path="res://scenes/menus/control_remapping/player_controls_mapper.tscn" type="PackedScene" id=12]
[ext_resource path="res://scenes/menus/control_remapping/control_remap_button.tscn" type="PackedScene" id=13]

[sub_resource type="InputEventAction" id=1]
action = "ui_cancel"

[sub_resource type="ShortCut" id=2]
shortcut = SubResource( 1 )

[node name="OptionsMenu" type="VBoxContainer"]
anchor_left = 0.5
anchor_top = 0.5
anchor_right = 0.5
anchor_bottom = 0.5
margin_left = -367.5
margin_top = -135.5
margin_right = 367.5
margin_bottom = 135.5
grow_horizontal = 2
grow_vertical = 2
rect_min_size = Vector2( 750, 0 )
theme = ExtResource( 1 )
script = ExtResource( 2 )
__meta__ = {
"_edit_use_anchors_": false
}

[node name="TabContainer" type="TabContainer" parent="."]
margin_right = 750.0
margin_bottom = 234.0
custom_fonts/font = ExtResource( 3 )
tab_align = 0
script = ExtResource( 4 )

[node name="Visual" type="VBoxContainer" parent="TabContainer"]
anchor_right = 1.0
anchor_bottom = 1.0
margin_left = 8.0
margin_top = 47.0
margin_right = -8.0
margin_bottom = -8.0

[node name="Language" type="HBoxContainer" parent="TabContainer/Visual"]
margin_right = 734.0
margin_bottom = 29.0

[node name="Label" type="Label" parent="TabContainer/Visual/Language"]
margin_right = 505.0
margin_bottom = 29.0
size_flags_horizontal = 3
text = "MENU_OPTIONS_LANGUAGE"

[node name="OptionButton" parent="TabContainer/Visual/Language" instance=ExtResource( 5 )]
margin_left = 509.0
margin_right = 734.0
margin_bottom = 29.0
focus_neighbour_bottom = NodePath("../../Fullscreen")
focus_next = NodePath("../../Fullscreen")
custom_fonts/font = ExtResource( 6 )
text = "MENU_OPTIONS_SYSTEM_DEFAULT"
items = [ "MENU_OPTIONS_SYSTEM_DEFAULT", null, false, 0, null ]
selected = 0

[node name="Fullscreen" parent="TabContainer/Visual" instance=ExtResource( 7 )]
margin_top = 33.0
margin_right = 734.0
margin_bottom = 69.0
focus_neighbour_top = NodePath("../Language/OptionButton")
custom_fonts/font = ExtResource( 3 )
text = "MENU_OPTIONS_FULLSCREEN"

[node name="VSync" parent="TabContainer/Visual" instance=ExtResource( 7 )]
margin_top = 73.0
margin_right = 734.0
margin_bottom = 109.0
custom_fonts/font = ExtResource( 3 )
text = "MENU_OPTIONS_VSYNC"

[node name="FrameCap" type="HBoxContainer" parent="TabContainer/Visual"]
margin_top = 113.0
margin_right = 734.0
margin_bottom = 142.0

[node name="Label" type="Label" parent="TabContainer/Visual/FrameCap"]
margin_right = 696.0
margin_bottom = 29.0
size_flags_horizontal = 3
custom_fonts/font = ExtResource( 3 )
text = "MENU_OPTIONS_FRAME_CAP"

[node name="OptionButton" parent="TabContainer/Visual/FrameCap" instance=ExtResource( 5 )]
margin_left = 700.0
margin_right = 734.0
margin_bottom = 29.0
focus_neighbour_top = NodePath("../../VSync")
focus_previous = NodePath("../../VSync")
custom_fonts/font = ExtResource( 6 )
text = "60"
items = [ "30", null, false, 0, null, "60", null, false, 1, null, "120", null, false, 2, null, "144", null, false, 3, null, "240", null, false, 4, null, "∞", null, false, 5, null ]
selected = 1

[node name="Quality" type="HBoxContainer" parent="TabContainer/Visual"]
margin_top = 146.0
margin_right = 734.0
margin_bottom = 179.0

[node name="Label" type="Label" parent="TabContainer/Visual/Quality"]
margin_top = 2.0
margin_right = 335.0
margin_bottom = 31.0
size_flags_horizontal = 3
text = "MENU_OPTIONS_GRAPHIC_QUALITY"

[node name="OptionButton" type="OptionButton" parent="TabContainer/Visual/Quality"]
margin_left = 339.0
margin_right = 734.0
margin_bottom = 33.0
text = "MENU_OPTIONS_GRAPHIC_QUALITY_HIGH"
items = [ "MENU_OPTIONS_GRAPHIC_QUALITY_HIGH", null, false, 0, null, "MENU_OPTIONS_GRAPHIC_QUALITY_MEDIUM", null, false, 1, null, "MENU_OPTIONS_GRAPHIC_QUALITY_LOW", null, false, 2, null ]
selected = 0
script = ExtResource( 8 )

[node name="Audio" type="VBoxContainer" parent="TabContainer"]
visible = false
anchor_right = 1.0
anchor_bottom = 1.0
margin_left = 8.0
margin_top = 47.0
margin_right = -8.0
margin_bottom = -8.0

[node name="Master" type="HBoxContainer" parent="TabContainer/Audio"]
margin_right = 499.0
margin_bottom = 33.0

[node name="CheckBox" parent="TabContainer/Audio/Master" instance=ExtResource( 9 )]
margin_right = 250.0
margin_bottom = 33.0
custom_fonts/font = ExtResource( 3 )
pressed = true
text = "MENU_OPTIONS_MASTER"

[node name="Label" type="Label" parent="TabContainer/Audio/Master"]
margin_left = 254.0
margin_top = 2.0
margin_right = 499.0
margin_bottom = 31.0
size_flags_horizontal = 3
custom_fonts/font = ExtResource( 3 )
text = "100%"
align = 2

[node name="MasterVolume" parent="TabContainer/Audio" instance=ExtResource( 10 )]
margin_top = 37.0
margin_right = 499.0
margin_bottom = 53.0
min_value = -80.0
max_value = 0.0
ticks_on_borders = true

[node name="MuteUnfocus" parent="TabContainer/Audio" instance=ExtResource( 7 )]
margin_top = 57.0
margin_right = 499.0
margin_bottom = 93.0
custom_fonts/font = ExtResource( 3 )
pressed = true
text = "MENU_OPTIONS_MUTE_ON_WINDOW_UNFOCUS"

[node name="Music" type="HBoxContainer" parent="TabContainer/Audio"]
margin_top = 97.0
margin_right = 499.0
margin_bottom = 130.0

[node name="CheckBox" parent="TabContainer/Audio/Music" instance=ExtResource( 9 )]
margin_right = 237.0
margin_bottom = 33.0
custom_fonts/font = ExtResource( 3 )
pressed = true
text = "MENU_OPTIONS_MUSIC"

[node name="Label" type="Label" parent="TabContainer/Audio/Music"]
margin_left = 241.0
margin_top = 2.0
margin_right = 499.0
margin_bottom = 31.0
size_flags_horizontal = 3
custom_fonts/font = ExtResource( 3 )
text = "100%"
align = 2

[node name="MusicVolume" parent="TabContainer/Audio" instance=ExtResource( 10 )]
margin_top = 134.0
margin_right = 499.0
margin_bottom = 150.0
min_value = -80.0
max_value = 0.0
ticks_on_borders = true

[node name="Effects" type="HBoxContainer" parent="TabContainer/Audio"]
margin_top = 154.0
margin_right = 499.0
margin_bottom = 187.0

[node name="CheckBox" parent="TabContainer/Audio/Effects" instance=ExtResource( 9 )]
margin_right = 252.0
margin_bottom = 33.0
custom_fonts/font = ExtResource( 3 )
pressed = true
text = "MENU_OPTIONS_EFFECTS"

[node name="Label" type="Label" parent="TabContainer/Audio/Effects"]
margin_left = 256.0
margin_top = 2.0
margin_right = 499.0
margin_bottom = 31.0
size_flags_horizontal = 3
custom_fonts/font = ExtResource( 3 )
text = "100%"
align = 2

[node name="EffectsVolume" parent="TabContainer/Audio" instance=ExtResource( 10 )]
margin_top = 191.0
margin_right = 499.0
margin_bottom = 207.0
min_value = -80.0
max_value = 0.0
ticks_on_borders = true

[node name="Controls" type="VBoxContainer" parent="TabContainer"]
visible = false
anchor_right = 1.0
anchor_bottom = 1.0
margin_left = 8.0
margin_top = 47.0
margin_right = -8.0
margin_bottom = -8.0

[node name="Player1" parent="TabContainer/Controls" instance=ExtResource( 11 )]
margin_right = 719.0
margin_bottom = 33.0
text = "MENU_LABEL_PLAYER1"

[node name="Player2" parent="TabContainer/Controls" instance=ExtResource( 11 )]
margin_top = 37.0
margin_right = 719.0
margin_bottom = 70.0
text = "MENU_LABEL_PLAYER2"

[node name="Player3" parent="TabContainer/Controls" instance=ExtResource( 11 )]
margin_top = 74.0
margin_right = 719.0
margin_bottom = 107.0
text = "MENU_LABEL_PLAYER3"

[node name="Player4" parent="TabContainer/Controls" instance=ExtResource( 11 )]
margin_top = 111.0
margin_right = 719.0
margin_bottom = 144.0
text = "MENU_LABEL_PLAYER4"

[node name="screenshot" type="HBoxContainer" parent="TabContainer/Controls"]
margin_top = 148.0
margin_right = 719.0
margin_bottom = 181.0

[node name="Label" type="Label" parent="TabContainer/Controls/screenshot"]
margin_top = 2.0
margin_right = 686.0
margin_bottom = 31.0
size_flags_horizontal = 3
text = "MENU_CONTROLS_SCREENSHOT"

[node name="Button" parent="TabContainer/Controls/screenshot" instance=ExtResource( 13 )]
margin_left = 690.0
margin_right = 719.0
margin_bottom = 33.0
rect_min_size = Vector2( 29, 0 )
action = "screenshot"

[node name="debug" type="HBoxContainer" parent="TabContainer/Controls"]
margin_top = 185.0
margin_right = 719.0
margin_bottom = 218.0

[node name="Label" type="Label" parent="TabContainer/Controls/debug"]
margin_top = 2.0
margin_right = 686.0
margin_bottom = 31.0
size_flags_horizontal = 3
text = "MENU_CONTROLS_DEV_MENU"

[node name="Button" parent="TabContainer/Controls/debug" instance=ExtResource( 13 )]
margin_left = 690.0
margin_right = 719.0
margin_bottom = 33.0
rect_min_size = Vector2( 29, 0 )
action = "debug"

[node name="Misc" type="VBoxContainer" parent="TabContainer"]
visible = false
anchor_right = 1.0
anchor_bottom = 1.0
margin_left = 8.0
margin_top = 47.0
margin_right = -8.0
margin_bottom = -8.0

[node name="PauseUnfocus" parent="TabContainer/Misc" instance=ExtResource( 7 )]
margin_right = 496.0
margin_bottom = 36.0
custom_fonts/font = ExtResource( 3 )
pressed = true
text = "MENU_LABEL_PAUSE_ON_WINDOW_UNFOCUS"

[node name="Back" parent="." instance=ExtResource( 11 )]
margin_top = 238.0
margin_right = 750.0
margin_bottom = 271.0
custom_fonts/font = ExtResource( 3 )
shortcut_in_tooltip = false
shortcut = SubResource( 2 )
text = "MENU_LABEL_BACK"
custom_click = "res://assets/sounds/ui/click2.wav"

[node name="AcceptDialog" type="AcceptDialog" parent="."]
margin_right = 127.0
margin_bottom = 86.0
window_title = "Warnung!"

[node name="CanvasLayer" type="CanvasLayer" parent="."]

[node name="ControlRemapper" parent="CanvasLayer" instance=ExtResource( 12 )]
visible = false
[connection signal="item_selected" from="TabContainer/Visual/Language/OptionButton" to="." method="_on_Language_item_selected"]
[connection signal="toggled" from="TabContainer/Visual/Fullscreen" to="." method="_on_Fullscreen_toggled"]
[connection signal="toggled" from="TabContainer/Visual/VSync" to="." method="_on_VSync_toggled"]
[connection signal="item_selected" from="TabContainer/Visual/FrameCap/OptionButton" to="." method="_on_FrameCap_item_selected"]
[connection signal="button_down" from="TabContainer/Visual/Quality/OptionButton" to="TabContainer/Visual/Quality/OptionButton" method="_cancel_sound"]
[connection signal="item_focused" from="TabContainer/Visual/Quality/OptionButton" to="TabContainer/Visual/Quality/OptionButton" method="_select_with_arg"]
[connection signal="item_selected" from="TabContainer/Visual/Quality/OptionButton" to="." method="_on_GraphicQuality_item_selected"]
[connection signal="item_selected" from="TabContainer/Visual/Quality/OptionButton" to="TabContainer/Visual/Quality/OptionButton" method="_click_with_arg"]
[connection signal="pressed" from="TabContainer/Visual/Quality/OptionButton" to="TabContainer/Visual/Quality/OptionButton" method="_click"]
[connection signal="toggled" from="TabContainer/Audio/Master/CheckBox" to="." method="_on_bus_toggled" binds= [ 0 ]]
[connection signal="value_changed" from="TabContainer/Audio/MasterVolume" to="." method="_on_volume_changed" binds= [ 0 ]]
[connection signal="toggled" from="TabContainer/Audio/MuteUnfocus" to="." method="_on_MuteUnfocus_toggled"]
[connection signal="toggled" from="TabContainer/Audio/Music/CheckBox" to="." method="_on_bus_toggled" binds= [ 1 ]]
[connection signal="value_changed" from="TabContainer/Audio/MusicVolume" to="." method="_on_volume_changed" binds= [ 1 ]]
[connection signal="toggled" from="TabContainer/Audio/Effects/CheckBox" to="." method="_on_bus_toggled" binds= [ 2 ]]
[connection signal="value_changed" from="TabContainer/Audio/EffectsVolume" to="." method="_on_volume_changed" binds= [ 2 ]]
[connection signal="pressed" from="TabContainer/Controls/Player1" to="." method="_on_change_controls_pressed" binds= [ 1 ]]
[connection signal="pressed" from="TabContainer/Controls/Player2" to="." method="_on_change_controls_pressed" binds= [ 2 ]]
[connection signal="pressed" from="TabContainer/Controls/Player3" to="." method="_on_change_controls_pressed" binds= [ 3 ]]
[connection signal="pressed" from="TabContainer/Controls/Player4" to="." method="_on_change_controls_pressed" binds= [ 4 ]]
[connection signal="toggled" from="TabContainer/Misc/PauseUnfocus" to="." method="_on_PauseUnfocus_toggled"]
[connection signal="pressed" from="Back" to="." method="emit_signal" binds= [ "quit" ]]
[connection signal="quit" from="CanvasLayer/ControlRemapper" to="." method="_on_ControlRemapper_quit"]
